@INPROCEEDINGS{Joshi2015,
  author    = {Anand A. Joshi and
               Ronald Salloum and
               Chitresh Bhushan and
               Richard M. Leahy},
  title     = {Measuring Asymmetric Interactions in Resting State Brain Networks},
  booktitle = {Information Processing in Medical Imaging - 24th International Conference,
               {IPMI} 2015, Sabhal Mor Ostaig, Isle of Skye, UK, June 28 - July 3,
               2015, Proceedings},
  pages     = {399--410},
  year      = {2015},
  crossref  = {DBLP:conf/ipmi/2015},
  url       = {http://dx.doi.org/10.1007/978-3-319-19992-4_31},
  doi       = {10.1007/978-3-319-19992-4_31},
  timestamp = {Tue, 23 Jun 2015 12:51:09 +0200},
  biburl    = {http://dblp.uni-trier.de/rec/bib/conf/ipmi/JoshiSBL15},
  bibsource = {dblp computer science bibliography, http://dblp.org}
}
@INPROCEEDINGS{Martinez2014, 
author={Martinez, K. and Joshi, A.A. and Madsen, S.K. and Joshi, S. and Karama, S. and Roman, F.J. and Villalon-Reina, J. and Burgaleta, M. and Thompson, P.M. and Colom, R.}, 
booktitle={Biomedical Imaging (ISBI), 2014 IEEE 11th International Symposium on}, 
title={Reproducibility of brain-cognition relationships using different cortical surface-based analysis protocols}, 
year={2014}, 
pages={1019-1022}, 
abstract={Neuroimaging techniques are now widely used to understand relationships between brain features and cognitive performance. Nevertheless, studies do not always implicate the same anatomical neural networks in intellectual function. Here we used T1-weighted brain MRI scans obtained from a sample of 82 healthy young adults to study four potential sources of variability affecting the reproducibility of brain-cognition relationships: the neuroimaging protocol used, different measures of cortical gray matter, the nature of the cognitive measurement, and sample characteristics. We found that brain networks implicated in individual differences in cognition were not consistent when derived from different gray matter measures, or from different surface-based processing pipelines, even in equivalent samples of participants. Differences in the networks associated with cognition may reflect differences in the methods used to analyze them; in addition, different individuals may reach equivalent psychological goals through disparate brain networks.}, 
keywords={biomedical MRI;brain;cognition;medical image processing;neurophysiology;T1-weighted brain MRI scans;anatomical neural networks;brain features;brain-cognition relationships reproducibility;cortical gray matter;cortical surface-based analysis protocols;disparate brain networks;intellectual function;magnetic resonance imaging;neuroimaging;psychological goals;surface-based processing pipelines;Cognition;Pipelines;Protocols;Psychology;Software;Surface morphology;Surface treatment;Gray Matter Properties;Higher Order Cognition;Surface-Based Methods}, 
doi={10.1109/ISBI.2014.6868046}, 
month={April},}

@ARTICLE {Nolte,
author={Nolte, G and Bai, O and Wheaton, L and Mari, Z and Vorbach, S and Hallett, M},
title={Basic mathematical and electromagnetic concepts of the biomagnetic inverse problem},
journal={Physics in Medicine and Biology},
year={2004},
volume={115},
number={10},
pages={2292-307},
url={http://www.ncbi.nlm.nih.gov/pubmed/15351371},
document_type={Article},
source={Scopus},

}
@ARTICLE {PLI,
author={Stam, CJ and Nolte, G and Daffertshofer, A},
title={Phase lag index: assessment of functional connectivity from multi channel EEG and MEG with diminished bias from common sources},
journal={Hum Brain Mapp.},
year={2007},
volume={28},
number={11},
pages={1178-93},
url={http://www.ncbi.nlm.nih.gov/pubmed/17266107},
document_type={Article},
source={Scopus},

}


@ARTICLE {greenblatt,
author={R.E. Greenblatt and M.E. Pflieger and A.E. Ossadtichi},
title={Basic mathematical and electromagnetic concepts of the biomagnetic inverse problem},
journal={Journal of Neuroscience methods},
year={2012},
pages={1-16},
document_type={Article},
source={Scopus},

}
@ARTICLE {Baillet,
author={S. Baillet and J.C. Mosher and R.M. Leahy},
title={Electromagnetic Brain Mapping},
journal={IEEE Signal Processing Magazine},
year={2001},
volume={18},
number={1},
pages={14-30},
month={November},
url={http://ieeexplore.ieee.org/xpl/login.jsp?tp=&arnumber=962275&url=http%3A%2F%2Fieeexplore.ieee.org%2Fxpls%2Fabs_all.jsp%3Farnumber%3D962275},
document_type={Article},
source={Scopus},
}

@ARTICLE {wedgemusic,
author={Arne Ewald and Forooz Shahbazi Avarvand and Guido Nolte},
title={Wedge MUSIC: A novel approach to examine experimental differences of
brain source connectivity patterns from EEG/MEG data},
journal={NeuroImage},
year={2014},
volume={101},
pages={610-624},
url={http://www.ncbi.nlm.nih.gov/pubmed/25038442},
document_type={Article},
source={Scopus},

}
@ARTICLE {rajagovindan,
author="R Rajagovindan and M Ding",
title={Decomposing Neural Synchrony: Toward an Explanation for Near-Zero Phase-Lag in Cortical Oscillatory Networks},
journal={PLoS One},
year={2008},
volume={3},
number={11},
pages={e3649},
url={http://www.ncbi.nlm.nih.gov/pubmed/18987745},
document_type={Article},
source={Scopus},

}
@ARTICLE {schuster+wagner,
author={H. G. Schuster and P. Wagner },
title={Mutual Entrainment of Two Limit Cycle Oscillators with Time Delayed Coupling },
journal={Progress of Theoretical Physics},
year={1989},
volume={81},
number={5},
document_type={Article},
source={Scopus},

}
@Book{pikovsky,
  author = "Pikovsky and A. and Rosenblum M. and and Kurths and J.",
  title = "Synchronization. A Universal Concept in Nonlinear Sciences",
  publisher = "Cambridge University Press",
  city = "Cambridge",
  year = "2001"
}

@ARTICLE {roelfsema,
author="P Roelfsema and A Engel and P Knig and W Singer",
title={Visuomotor integration is associated with zero time-lag synchronization among cortical areas},
journal={Nature},
year={1997},
volume={385},
pages={157-161},
number={6612},
url={http://www.ncbi.nlm.nih.gov/pubmed/8990118},
document_type={Article},
source={Scopus},
}
@ARTICLE {wPLI,
author={Vinck, M and Oostenveld, R and van Wingerden, M and Battaglia, F and Pennartz, CM.},
title={BAn improved index of phase-synchronization for electrophysiological data in the presence of volume-conduction, noise and sample-size bias},
journal={Neuroimage},
year={2011},
volume={55},
number={4},
pages={1548-65},
url={http://www.ncbi.nlm.nih.gov/pubmed/21276857},
document_type={Article},
source={Scopus},

}
@ARTICLE {kaminski,
author="Maciej Kaminski and Katrzyna J. Blinowska",
title={Directed Transfer Function is not influenced by volume conduction - inexpedient pre-processing should be avoided},
journal={Frontiers in Computational Neuroscience},
year={2014},
volume={8},
number={61},
url={http://www.ncbi.nlm.nih.gov/pmc/articles/PMC4050361/},
document_type={Article},
source={Scopus},

}
@ARTICLE {hillebrand,
author="Arjan Hillebrand and Cornelis J. Stam",
title={Recent developments in MEG network analysis},
journal={Magnetoencephalography. From Signals to Dynamic Cortical Networks.},
year={2014},
pages={263-277},
art_number={004},
url={http://link.springer.com/chapter/10.1007%2F978-3-642-33045-2_12},
document_type={Article},
source={Scopus},

}


@ARTICLE {varela,
author="Varela, F. and Lachaux, J.P. and Rodriguez E. and Martinerie J",
title={The brainweb: phase syncronization and large-scale integration},
journal={Nature Reviews  Neurosci},
year={2001},
volume={2},
number={April},
pages={229-39},
art_number={4},
url={http://www.nature.com/nrn/journal/v2/n4/full/nrn0401_229a.html},
document_type={Article},
source={Scopus},
}


@ARTICLE {hamalainen,
author="Matti Hamalainen and Riitta Hari and Risto J. Ilmoniemi and Jukka Knuutila and Olli V. Lounasmaa",
title={Magnetoencephalography -- theory, instrumentation, and applications to noninvasive studies of the working human brain},
journal={Reviews on modern physics},
year={1993},
volume={65},
number={2},
art_number={2},
url={http://journals.aps.org/rmp/abstract/10.1103/RevModPhys.65.413},
document_type={Article},
source={Scopus},

}
@BOOK{buzsaki,
    address = {New York},
    author = {{Buzsaki G.}},
    citeulike-article-id = {745727},
    keywords = {bibtex-import},
    posted-at = {2006},
    publisher = {Oxford Univ. Press},
    title = {{Rhythms of the brain}},
    year = {2006}
}

@ARTICLE {ossadtchi,
author="A. Ossadtchi and R.E. Greenblatt and V.L. Towle and M.H. Kohrman and K. Kamada",
title={Inferring spatiotemporal network patterns from intracranial EEG data},
journal={Clinical Neurophisology},
year={2010},
volume={121},
number={6},
pages={823-835},
url={http://www.sciencedirect.com/science/article/pii/S1388245710000350},
document_type={Article},
source={Scopus},
}

@ARTICLE {baker,
author="Adam P Baker and  Matthew J Brookes and  Iead A Rezek and  Stephen M Smith and Timothy Behrens and Penny J Probert Smith and Mark Woolrich",
title={Fast transient networks in spontaneous human brain activity},
journal={eLIFE},
year={2014},
volume={3},
art_number={e01867},
url={http://elifesciences.org/content/elife/3/e01867.full.pdf},
document_type={Article},
source={Scopus},
}
@ARTICLE{martin,
author={Martin P. van den Heuvel and Rene S. Kahn and Joaqin Goni and Olaf Sporns},
title={High-cost, high-capacity backbone for global brain communication},
journal={PNAS, Proceedings of the National Academy of Sciences},
year={2012},
volume={109},
number={28},
pages={11372-11377},
url={http://www.pnas.org/content/109/28/11372.abstract},
document_type={Article},
source={Scopus},
}

@ARTICLE{Sarvas1987,
author={Sarvas, J.},
title={Basic mathematical and electromagnetic concepts of the biomagnetic inverse problem},
journal={Physics in Medicine and Biology},
year={1987},
volume={32},
number={1},
pages={11-22},
art_number={004},
note={cited By (since 1996)867},
url={http://www.scopus.com/inward/record.url?eid=2-s2.0-0023158840&partnerID=40&md5=04fec347f36edcf29cd51191a5efab55},
document_type={Article},
source={Scopus},
}

@ARTICLE{Friston1991,
author={Friston, K.J. and Frith, C.D. and Liddle, P.F. and Frackowiak, R.S.J.},
title={Comparing functional ({PET}) images: The assessment of significant change},
journal={Journal of Cerebral Blood Flow and Metabolism},
year={1991},
volume={11},
number={4},
pages={690-699},
note={cited By (since 1996)1132},
url={http://www.scopus.com/inward/record.url?eid=2-s2.0-0025773346&partnerID=40&md5=b6b49f63b9df7a17b6cf42d987af813d},
document_type={Article},
source={Scopus},
}

@ARTICLE{Litvak2011,
author={Litvak, V. and Mattout, J. and Kiebel, S. and Phillips, C. and Henson, R. and Kilner, J. and Barnes, G. and Oostenveld, R. and Daunizeau, J. and Flandin, G. and Penny, W. and Friston, K.},
title={{EEG} and {MEG} data analysis in {SPM8}},
journal={Computational Intelligence and Neuroscience},
year={2011},
volume={2011},
art_number={852961},
note={cited By (since 1996)59},
url={http://www.scopus.com/inward/record.url?eid=2-s2.0-79955029831&partnerID=40&md5=024923a465e8536ad2f3bccc7fbe9461},
document_type={Article},
source={Scopus},
}

@ARTICLE{Donamayor2011,
author={Donamayor, N. and Marco-Pallares, J. and Heldmann, M. and Schoenfeld, M.A. and Munte, T.F.},
title={Temporal dynamics of reward processing revealed by magnetoencephalography},
journal={Human Brain Mapping},
year={2011},
volume={32},
number={12},
pages={2228-2240},
note={cited By (since 1996)11},
url={http://www.scopus.com/inward/record.url?eid=2-s2.0-80054820159&partnerID=40&md5=03f8b028ebfcabec84d93553e81bdef1},
document_type={Article},
source={Scopus},
}

@ARTICLE{Hoogenboom2010,
author={Hoogenboom, N. and Schoffelen, J.-M. and Oostenveld, R. and Fries, P.},
title={Visually induced gamma-band activity predicts speed of change detection in humans},
journal={NeuroImage},
year={2010},
volume={51},
number={3},
pages={1162-1167},
note={cited By (since 1996)22},
url={http://www.scopus.com/inward/record.url?eid=2-s2.0-77952424810&partnerID=40&md5=d0484e2a7de58389763e13c6bf624372},
document_type={Article},
source={Scopus},
}

@ARTICLE{vanPelt2012,
author={van Pelt, S. and Boomsma, D.I. and Fries, P.},
title={Magnetoencephalography in twins reveals a strong genetic determination of the peak frequency of visually induced gamma-band synchronization},
journal={Journal of Neuroscience},
year={2012},
volume={32},
number={10},
pages={3388-3392},
note={cited By (since 1996)14},
url={http://www.scopus.com/inward/record.url?eid=2-s2.0-84857864098&partnerID=40&md5=5d50b68717c2b7d9ffa25b4b72dd274d},
document_type={Article},
source={Scopus},
}

@ARTICLE{Gruber2008,
author={Gruber, T. and Maess, B. and Trujillo-Barreto, N.J. and Muller, M.M.},
title={Sources of synchronized induced Gamma-Band responses during a simple object recognition task: A replication study in human {MEG}},
journal={Brain Research},
year={2008},
volume={1196},
pages={74-84},
note={cited By (since 1996)19},
url={http://www.scopus.com/inward/record.url?eid=2-s2.0-39149119930&partnerID=40&md5=175ed6af43b404d1bb714d833a60c2fe},
document_type={Article},
source={Scopus},
}

@ARTICLE{Wyart2012,
author={Wyart, V. and Dehaene, S. and Tallon-Baudry, C.},
title={Early dissociation between neural signatures of endogenous spatial attention and perceptual awareness during visual masking},
journal={Frontiers in Human Neuroscience},
year={2012},
number={JANUARY 2012},
note={cited By (since 1996)5},
url={http://www.scopus.com/inward/record.url?eid=2-s2.0-84898710543&partnerID=40&md5=64757c0763c8bfa119d76bd4d99e258e},
document_type={Article},
source={Scopus},
}

@ARTICLE{Furl2007,
author={Furl, N. and Van Rijsbergen, N.J. and Treves, A. and Friston, K.J. and Dolan, R.J.},
title={Experience-dependent coding of facial expression in superior temporal sulcus},
journal={Proceedings of the National Academy of Sciences of the United States of America},
year={2007},
volume={104},
number={33},
pages={13485-13489},
note={cited By (since 1996)40},
url={http://www.scopus.com/inward/record.url?eid=2-s2.0-34548074427&partnerID=40&md5=da644f349bdfbcd5c058600b10996448},
document_type={Article},
source={Scopus},
}

@ARTICLE{Sun2012,
author={Sun, L. and Grutzner, C. and Bolte, S. and Wibral, M. and Tozman, T. and Schlitt, S. and Poustka, F. and Singer, W. and Freitag, C.M. and Uhlhaas, P.J.},
title={Impaired gamma-band activity during perceptual organization in adults with autism spectrum disorders: Evidence for dysfunctional network activity in frontal-posterior cortices},
journal={Journal of Neuroscience},
year={2012},
volume={32},
number={28},
pages={9563-9573},
note={cited By (since 1996)19},
url={http://www.scopus.com/inward/record.url?eid=2-s2.0-84863643202&partnerID=40&md5=d5f1b62bb7e6a83ef26b22134e341ff7},
document_type={Article},
source={Scopus},
}

@ARTICLE{Grutzner2010,
author={Grutzner, C. and Uhlhaas, P.J. and Genc, E. and Kohler, A. and Singer, W. and Wibral, M.},
title={Neuroelectromagnetic correlates of perceptual closure processes},
journal={Journal of Neuroscience},
year={2010},
volume={30},
number={24},
pages={8342-8352},
note={cited By (since 1996)32},
url={http://www.scopus.com/inward/record.url?eid=2-s2.0-77953784663&partnerID=40&md5=b2e3d55f2fbfbfc4ba2a5d3fe41ca363},
document_type={Article},
source={Scopus},
}

@ARTICLE{Tanskanen2008,
author={Tanskanen, T. and Saarinen, J. and Parkkonen, L. and Hari, R.},
title={From local to global: Cortical dynamics of contour integration},
journal={Journal of Vision},
year={2008},
volume={8},
number={7},
art_number={15},
note={cited By (since 1996)7},
url={http://www.scopus.com/inward/record.url?eid=2-s2.0-46149118467&partnerID=40&md5=098e6c2ec2f22a7b27c8c98d350fef45},
document_type={Article},
source={Scopus},
}

@ARTICLE{Hughes2011,
author={Hughes, L.E. and Nestor, P.J. and Hodges, J.R. and Rowe, J.B.},
title={Magnetoencephalography of frontotemporal dementia: Spatiotemporally localized changes during semantic decisions},
journal={Brain},
year={2011},
volume={134},
number={9},
pages={2513-2522},
note={cited By (since 1996)3},
url={http://www.scopus.com/inward/record.url?eid=2-s2.0-80052959003&partnerID=40&md5=aad85b2ea306bc49c07d48fc6a7434bb},
document_type={Article},
source={Scopus},
}

@ARTICLE{Woodhead2014,
author={Woodhead, Z.V.J. and Barnes, G.R. and Penny, W. and Moran, R. and Teki, S. and Price, C.J. and Leff, A.P.},
title={Reading front to back: {MEG} evidence for early feedback effects during word recognition},
journal={Cerebral Cortex},
year={2014},
volume={24},
number={3},
pages={817-825},
note={cited By (since 1996)1},
url={http://www.scopus.com/inward/record.url?eid=2-s2.0-84894248290&partnerID=40&md5=212a4c00e4e8a17f50fb3aad29b6b5a5},
document_type={Article},
source={Scopus},
}

@ARTICLE{Deffke2007,
author={Deffke, I. and Sander, T. and Heidenreich, J. and Sommer, W. and Curio, G. and Trahms, L. and Lueschow, A.},
title={{MEG/EEG} sources of the 170-ms response to faces are co-localized in the fusiform gyrus},
journal={NeuroImage},
year={2007},
volume={35},
number={4},
pages={1495-1501},
note={cited By (since 1996)78},
url={http://www.scopus.com/inward/record.url?eid=2-s2.0-34147104952&partnerID=40&md5=d2ba108d1a88d604393e5e937edd0487},
document_type={Article},
source={Scopus},
}

@ARTICLE{Schweinberger2007,
author={Schweinberger, S.R. and Kaufmann, J.M. and Moratti, S. and Keil, A. and Burton, A.M.},
title={Brain responses to repetitions of human and animal faces, inverted faces, and objects - An {MEG} study},
journal={Brain Research},
year={2007},
volume={1184},
number={1},
pages={226-233},
note={cited By (since 1996)28},
url={http://www.scopus.com/inward/record.url?eid=2-s2.0-36349036663&partnerID=40&md5=ac6756b7befb395e715fcdb625f5b6e9},
document_type={Article},
source={Scopus},
}

@ARTICLE{Tanskanen2005,
author={Tanskanen, T. and Nasanen, R. and Montez, T. and Paallysaho, J. and Hari, R.},
title={Face recognition and cortical responses show similar sensitivity to noise spatial frequency},
journal={Cerebral Cortex},
year={2005},
volume={15},
number={5},
pages={526-534},
note={cited By (since 1996)62},
url={http://www.scopus.com/inward/record.url?eid=2-s2.0-17744373709&partnerID=40&md5=9ddf20313e17ff1160f07e7552e1ac6b},
document_type={Article},
source={Scopus},
}

@ARTICLE{Wengenroth2014,
author={Wengenroth, M. and Blatow, M. and Heinecke, A. and Reinhardt, J. and Stippich, C. and Hofmann, E. and Schneider, P.},
title={Increased volume and function of right auditory cortex as a marker for absolute pitch},
journal={Cerebral Cortex},
year={2014},
volume={24},
number={5},
pages={1127-1137},
note={cited By (since 1996)0},
url={http://www.scopus.com/inward/record.url?eid=2-s2.0-84898924217&partnerID=40&md5=b299acc274c0ad0375d14717b9aba3cc},
document_type={Article},
source={Scopus},
}


@ARTICLE{Mosher1999, 
 author={Mosher, J.C. and Leahy, R.M.}, 
 journal={Signal Processing, IEEE Transactions on}, 
 title={Source localization using recursively applied and projected (RAP) MUSIC}, 
 year={1999}, 
 month={Feb}, 
 volume={47}, 
 number={2}, 
 pages={332-340}, 
 keywords={Monte Carlo methods;array signal processing;direction-of-arrival estimation;magnetoencephalography;medical signal processing;parameter space methods;recursive estimation;signal classification;{IES-MUSIC};{MEG} simulation;{MUSIC} algorithm;Monte Carlo error performance;RAP-MUSIC algorithm;S-MUSIC;array manifold vector;correlated sources;error performance;intermediate array gain matrix;magnetoencephalography;multidimensional array manifolds;polarized sources;principal angles metric;recursively applied and projected MUSIC;sequential subspace methods;signal subspace estimate;source localization;uniform linear array simulation;Array signal processing;Brain modeling;Electroencephalography;Electromagnetic wave polarization;Magnetic field measurement;Magnetoencephalography;Monte Carlo methods;Multidimensional systems;Multiple signal classification;Recursive estimation}, 
 doi={10.1109/78.740118}, 
 ISSN={1053-587X},}

@article{Darvas2005,
title = "Investigations of dipole localization accuracy in \{MEG\} using the bootstrap ",
journal = "NeuroImage ",
volume = "25",
number = "2",
pages = "355 - 368",
year = "2005",
note = "",
issn = "1053-8119",
doi = "http://dx.doi.org/10.1016/j.neuroimage.2004.09.045",
url = "http://www.sciencedirect.com/science/article/pii/S1053811904005865",
author = "F. Darvas and M. Rautiainen and D. Pantazis and S. Baillet and H. Benali and J.C. Mosher and L. Garnero and R.M. Leahy",
keywords = "Bootstrap",
keywords = "Somatotopy",
keywords = "\{MEG\} "
}


@ARTICLE{Clarke2011,
author={Clarke, A. and Taylor, K.I. and Tyler, L.K.},
title={The evolution of meaning: Spatio-temporal dynamics of visual object recognition},
journal={Journal of Cognitive Neuroscience},
year={2011},
volume={23},
number={8},
pages={1887-1899},
note={cited By (since 1996)16},
url={http://www.scopus.com/inward/record.url?eid=2-s2.0-79957931196&partnerID=40&md5=d5b849e22e77d47d6d48f68d62f734f8},
document_type={Article},
source={Scopus},
}

@ARTICLE{Lee2011,
author={Lee, A.K.C. and Hamalainen, M.S. and Dyckman, K.A. and Barton, J.J.S. and Manoach, D.S.},
title={Saccadic preparation in the frontal eye field is modulated by distinct trial history effects as revealed by magnetoencephalography},
journal={Cerebral Cortex},
year={2011},
volume={21},
number={2},
pages={245-253},
note={cited By (since 1996)6},
url={http://www.scopus.com/inward/record.url?eid=2-s2.0-78651494084&partnerID=40&md5=a7c810b95d35941b2a827c975d73bbe0},
document_type={Article},
source={Scopus},
}

@ARTICLE{Brang2010,
author={Brang, D. and Hubbard, E.M. and Coulson, S. and Huang, M. and Ramachandran, V.S.},
title={Magnetoencephalography reveals early activation of V4 in grapheme-color synesthesia},
journal={NeuroImage},
year={2010},
volume={53},
number={1},
pages={268-274},
note={cited By (since 1996)31},
url={http://www.scopus.com/inward/record.url?eid=2-s2.0-77955307572&partnerID=40&md5=2bf1f21e057abe96d5f98b398c1c2142},
document_type={Article},
source={Scopus},
}

@ARTICLE{Altamura2010,
author={Altamura, M. and Goldberg, T.E. and Elvevg, B. and Holroyd, T. and Carver, F.W. and Weinberger, D.R. and Coppola, R.},
title={Prefrontal cortex modulation during anticipation of working memory demands as revealed by magnetoencephalography},
journal={International Journal of Biomedical Imaging},
year={2010},
volume={2010},
art_number={840416},
note={cited By (since 1996)8},
url={http://www.scopus.com/inward/record.url?eid=2-s2.0-77955388281&partnerID=40&md5=8d7788c287fd83acf5cb04704fddc6fb},
document_type={Article},
source={Scopus},
}

@ARTICLE{Gross2007,
author={Gross, J. and Schnitzler, A. and Timmermann, L. and Ploner, M.},
title={Gamma oscillations in human primary somatosensory cortex reflect pain perception},
journal={PLoS Biology},
year={2007},
volume={5},
number={5},
pages={1168-1173},
note={cited By (since 1996)22},
url={http://www.scopus.com/inward/record.url?eid=2-s2.0-34249038339&partnerID=40&md5=ddf162f63eae7617f1cbe73e3929fece},
document_type={Article},
source={Scopus},
}

@ARTICLE{Coch2005,
author={Coch, D. and Skendzel, W. and Neville, H.J.},
title={Auditory and visual refractory period effects in children and adults: An {ERP} study},
journal={Clinical Neurophysiology},
year={2005},
volume={116},
number={9},
pages={2184-2203},
note={cited By (since 1996)20},
url={http://www.scopus.com/inward/record.url?eid=2-s2.0-24644481060&partnerID=40&md5=3d688c61c4baa4daf19e9cbeb95c12e5},
document_type={Article},
source={Scopus},
}

@ARTICLE{Rita2002,
author={Rita, R. and Rinne, T. and Naatanen, R.},
title={Maturation of cortical sound processing as indexed by event-related potentials},
journal={Clinical Neurophysiology},
year={2002},
volume={113},
number={6},
pages={870-882},
note={cited By (since 1996)138},
url={http://www.scopus.com/inward/record.url?eid=2-s2.0-0036277619&partnerID=40&md5=5f953d44b85e0ef8d263d0e9246a320a},
document_type={Article},
source={Scopus},
}

@ARTICLE{Oades1995,
author={Oades, R.D. and Zerbin, D. and Dittmann-Balcar, A.},
title={The topography of event-related potentials in passive and active conditions of a 3-tone auditory oddball test.},
journal={International Journal of Neuroscience},
year={1995},
volume={81},
number={3-4},
pages={249-264},
note={cited By (since 1996)24},
url={http://www.scopus.com/inward/record.url?eid=2-s2.0-0029282021&partnerID=40&md5=ac614f3c5217df198ccbbc589597c1c6},
document_type={Article},
source={Scopus},
}

@BOOK{Talairach1988,
    address = {New York},
    author = {Talairach, J. and Tournoux, P.},
    citeulike-article-id = {745727},
    keywords = {bibtex-import},
    posted-at = {2006-07-07 13:37:08},
    priority = {2},
    publisher = {Thieme},
    title = {{Co-planar stereotaxic atlas of the human brain. 3-Dimensional proportional system: an approach to cerebral imaging}},
    year = {1988}
}

@ARTICLE{Litvak2008,
author={Litvak, V. and Friston, K.},
title={Electromagnetic source reconstruction for group studies},
journal={NeuroImage},
year={2008},
volume={42},
number={4},
pages={1490-1498},
note={cited By (since 1996)34},
url={http://www.scopus.com/inward/record.url?eid=2-s2.0-55349126380&partnerID=40&md5=ec28990bda3ba87d8556aee8f0261def},
document_type={Article},
source={Scopus},
}

@ARTICLE{Henson2011,
author={Henson, R.N. and Wakeman, D.G. and Litvak, V. and Friston, K.J.},
title={A parametric empirical bayesian framework for the {EEG/MEG} inverse problem: Generative models for multi-subject and multi-modal integration},
journal={Frontiers in Human Neuroscience},
year={2011},
number={AUGUST},
note={cited By (since 1996)8},
url={http://www.scopus.com/inward/record.url?eid=2-s2.0-84898711403&partnerID=40&md5=f01442b77f1dce9d3a42fd6d7bfa10b0},
document_type={Review},
source={Scopus},
}


@ARTICLE{Gorodnitsky1995,
author={Gorodnitsky, I.F. and George, J.S. and Rao, B.D.},
title={Neuromagnetic source imaging with FOCUSS: a recursive weighted minimum norm algorithm},
journal={Electroencephalography and Clinical Neurophysiology},
year={1995},
volume={95},
number={4},
pages={231-251},
note={cited By (since 1996)248},
url={http://www.scopus.com/inward/record.url?eid=2-s2.0-0028805010&partnerID=40&md5=b5c409612bb672eca930995a50b31c4a},
document_type={Article},
source={Scopus},
}

@ARTICLE{Friston2008a,
author={Friston, K. and Harrison, L. and Daunizeau, J. and Kiebel, S. and Phillips, C. and Trujillo-Barreto, N. and Henson, R. and Flandin, G. and Mattout, J.},
title={Multiple sparse priors for the {M/EEG} inverse problem},
journal={NeuroImage},
year={2008},
volume={39},
number={3},
pages={1104-1120},
note={cited By (since 1996)151},
url={http://www.scopus.com/inward/record.url?eid=2-s2.0-37849032654&partnerID=40&md5=ea75c27ae7bc39e7a89d3f785d0a4bb9},
document_type={Article},
source={Scopus},
}

@ARTICLE{Hamalainen1993,
author={Hamalainen, M. and Hari, R. and Ilmoniemi, R.J. and Knuutila, J. and Lounasmaa, O.V.},
title={Magnetoencephalography - Theory, instrumentation, and applications to noninvasive studies of the working human brain},
journal={Reviews of Modern Physics},
year={1993},
volume={65},
number={2},
pages={413-497},
note={cited By (since 1996)2011},
url={http://www.scopus.com/inward/record.url?eid=2-s2.0-26244462082&partnerID=40&md5=1a3b2aeaf6cd3c1434f29dc7b19dd159},
document_type={Article},
source={Scopus},
}

@ARTICLE{Wipf2009,
author={Wipf, D. and Nagarajan, S.},
title={A unified Bayesian framework for {MEG/EEG} source imaging},
journal={NeuroImage},
year={2009},
volume={44},
number={3},
pages={947-966},
note={cited By (since 1996)85},
url={http://www.scopus.com/inward/record.url?eid=2-s2.0-57649220812&partnerID=40&md5=9d8bb54533c3683d6d548ff41f8dd1f5},
document_type={Article},
source={Scopus},
}

@ARTICLE{Phillips2005,
author={Phillips, C. and Mattout, J. and Rugg, M.D. and Maquet, P. and Friston, K.J.},
title={An empirical Bayesian solution to the source reconstruction problem in {EEG}},
journal={NeuroImage},
year={2005},
volume={24},
number={4},
pages={997-1011},
note={cited By (since 1996)105},
url={http://www.scopus.com/inward/record.url?eid=2-s2.0-12844268707&partnerID=40&md5=aa4535c675ee30f6ad27a5fc439d9248},
document_type={Article},
source={Scopus},
}

@ARTICLE{Friston2002,
author={Friston, K.J.},
title={Bayesian estimation of dynamical systems: An application to f{MRI}},
journal={NeuroImage},
year={2002},
volume={16},
number={2},
pages={513-530},
note={cited By (since 1996)149},
url={http://www.scopus.com/inward/record.url?eid=2-s2.0-0036334947&partnerID=40&md5=82883b99b4fdc45e6c624ccf8d50b30b},
document_type={Article},
source={Scopus},
}

@ARTICLE{Friston2007,
author={Friston, K. and Mattout, J. and Trujillo-Barreto, N. and Ashburner, J. and Penny, W.},
title={Variational free energy and the Laplace approximation},
journal={NeuroImage},
year={2007},
volume={34},
number={1},
pages={220-234},
note={cited By (since 1996)154},
url={http://www.scopus.com/inward/record.url?eid=2-s2.0-33751115761&partnerID=40&md5=860a0b6e1efd78c3ea176395e5ad93b0},
document_type={Article},
source={Scopus},
}

@ARTICLE{Wipf2010,
author={Wipf, D.P. and Owen, J.P. and Attias, H.T. and Sekihara, K. and Nagarajan, S.S.},
title={Robust Bayesian estimation of the location, orientation, and time course of multiple correlated neural sources using {MEG}},
journal={NeuroImage},
year={2010},
volume={49},
number={1},
pages={641-655},
note={cited By (since 1996)43},
url={http://www.scopus.com/inward/record.url?eid=2-s2.0-70349962981&partnerID=40&md5=d3950096afea397741bb6c9e746afad6},
document_type={Article},
source={Scopus},
}

@ARTICLE{Friston2008b,
author={Friston, K.},
title={Hierarchical models in the brain},
journal={PLoS Computational Biology},
year={2008},
volume={4},
number={11},
art_number={e1000211},
note={cited By (since 1996)95},
url={http://www.scopus.com/inward/record.url?eid=2-s2.0-57149113922&partnerID=40&md5=7d9da9ef573992964a415f29c08b8160},
document_type={Article},
source={Scopus},
}

@ARTICLE{Friston2008c,
author={Friston, K. and Chu, C. and Mourao-Miranda, J. and Hulme, O. and Rees, G. and Penny, W. and Ashburner, J.},
title={Bayesian decoding of brain images},
journal={NeuroImage},
year={2008},
volume={39},
number={1},
pages={181-205},
note={cited By (since 1996)76},
url={http://www.scopus.com/inward/record.url?eid=2-s2.0-36048980266&partnerID=40&md5=3b845391c642e7cef3eba127da19c2eb},
document_type={Article},
source={Scopus},
}

@ARTICLE{Mattout2007,
author={Mattout, J. and Henson, R.N. and Friston, K.J.},
title={Canonical source reconstruction for {MEG}},
journal={Computational Intelligence and Neuroscience},
year={2007},
volume={2007},
art_number={67613},
note={cited By (since 1996)53},
url={http://www.scopus.com/inward/record.url?eid=2-s2.0-34547812111&partnerID=40&md5=dd669ee369945495a9aef3cb4d1fc661},
document_type={Article},
source={Scopus},
}

@ARTICLE{Ashburner2005,
author={Ashburner, J. and Friston, K.J.},
title={Unified segmentation},
journal={NeuroImage},
year={2005},
volume={26},
number={3},
pages={839-851},
note={cited By (since 1996)1874},
url={http://www.scopus.com/inward/record.url?eid=2-s2.0-20444501009&partnerID=40&md5=07988efa6235a32602cf12d7d5641afc},
document_type={Article},
source={Scopus},
}

@ARTICLE{Henson2009,
author={Henson, R.N. and Mouchlianitis, E. and Friston, K.J.},
title={{MEG} and {EEG} data fusion: Simultaneous localisation of face-evoked responses},
journal={NeuroImage},
year={2009},
volume={47},
number={2},
pages={581-589},
note={cited By (since 1996)33},
url={http://www.scopus.com/inward/record.url?eid=2-s2.0-67349283023&partnerID=40&md5=4b34d9dff0f4ae5556abea7c630a4c29},
document_type={Article},
source={Scopus},
}

@ARTICLE{Nolte1997,
author={Nolte, G. and Curio, G.},
title={On the calculation of magnetic fields based on multipole modeling of focal biological current sources},
journal={Biophysical Journal},
year={1997},
volume={73},
number={3},
pages={1253-1262},
note={cited By (since 1996)28},
url={http://www.scopus.com/inward/record.url?eid=2-s2.0-0030853471&partnerID=40&md5=fa2c0b040c19578a114484dc588ebdbe},
document_type={Article},
source={Scopus},
}

@ARTICLE{Liu2004,
author={Liu, H. and Gao, X. and Schimpf, P.H. and Yang, F. and Gao, S.},
title={A recursive algorithm for the three-dimensional imaging of brain electric activty: Shrinking LORETA-FOCUSS},
journal={IEEE Transactions on Biomedical Engineering},
year={2004},
volume={51},
number={10},
pages={1794-1802},
note={cited By (since 1996)28},
url={http://www.scopus.com/inward/record.url?eid=2-s2.0-4644254025&partnerID=40&md5=6fbc2feb4cffe510b1d56a3a64727f37},
document_type={Article},
source={Scopus},
}

@ARTICLE{Salayev2006,
author={Salayev, K.A. and Nakasato, N. and Ishitobi, M. and Shamoto, H. and Kanno, A. and Iinuma, K.},
title={Spike orientation may predict epileptogenic side across cerebral sulci containing the estimated equivalent dipole},
journal={Clinical Neurophysiology},
year={2006},
volume={117},
number={8},
pages={1836-1843},
note={cited By (since 1996)19},
url={http://www.scopus.com/inward/record.url?eid=2-s2.0-33746224166&partnerID=40&md5=b41e7a0a7f2a879290660da2f19a9a63},
document_type={Article},
source={Scopus},
}

@ARTICLE{Jafarpour2013,
author={Jafarpour, A. and Barnes, G. and Fuentemilla, L. and Duzel, E. and Penny, W.D.},
title={Population Level Inference for Multivariate {MEG} Analysis},
journal={PLoS ONE},
year={2013},
volume={8},
number={8},
art_number={e71305},
note={cited By (since 1996)1},
url={http://www.scopus.com/inward/record.url?eid=2-s2.0-84881190201&partnerID=40&md5=60094115c3db32747d4adb42e0282121},
document_type={Article},
source={Scopus},
}

@ARTICLE{Bigdely2013,
author={Bigdely-Shamlo, N. and Mullen, T. and Kreutz-Delgado, K. and Makeig, S.},
title={Measure projection analysis: A probabilistic approach to {EEG} source comparison and multi-subject inference},
journal={NeuroImage},
year={2013},
volume={72},
pages={287-303},
note={cited By (since 1996)4},
url={http://www.scopus.com/inward/record.url?eid=2-s2.0-84874509659&partnerID=40&md5=dee77c0ad3bd73913d92fc9cd8ccea86},
document_type={Article},
source={Scopus},
}

@ARTICLE{Baillet1997,
author={Baillet, S. and Garnero, L.},
title={A Bayesian approach to introducing anatomo-functional priors in the {EEG/MEG} inverse problem},
journal={IEEE Transactions on Biomedical Engineering},
year={1997},
volume={44},
number={5},
pages={374-385},
note={cited By (since 1996)178},
url={http://www.scopus.com/inward/record.url?eid=2-s2.0-0030967177&partnerID=40&md5=1bb9260cd7e2f8b24dcb9bec31e40806},
document_type={Article},
source={Scopus},
}

@ARTICLE{Haufe2008,
author={Haufe, S. and Nikulin, V.V. and Ziehe, A. and Müller, K.-R. and Nolte, G.},
title={Combining sparsity and rotational invariance in {EEG/MEG} source reconstruction},
journal={NeuroImage},
year={2008},
volume={42},
number={2},
pages={726-738},
note={cited By (since 1996)32},
url={http://www.scopus.com/inward/record.url?eid=2-s2.0-47949124679&partnerID=40&md5=49bf4dae24ad19c561cf41e987ff7b1c},
document_type={Article},
source={Scopus},
}

@ARTICLE{Ding2009,
author={Ding, L.},
title={Reconstructing cortical current density by exploring sparseness in the transform domain},
journal={Physics in Medicine and Biology},
year={2009},
volume={54},
number={9},
pages={2683-2697},
note={cited By (since 1996)20},
url={http://www.scopus.com/inward/record.url?eid=2-s2.0-67649888810&partnerID=40&md5=bb140a8c7da569fcbef3ca0c5a8cfbd4},
document_type={Article},
source={Scopus},
}

@ARTICLE{Bolstad2009,
author={Bolstad, A. and Veen, B.V. and Nowak, R.},
title={Space-time event sparse penalization for magneto-/electroencephalography},
journal={NeuroImage},
year={2009},
volume={46},
number={4},
pages={1066-1081},
note={cited By (since 1996)24},
url={http://www.scopus.com/inward/record.url?eid=2-s2.0-67349279224&partnerID=40&md5=8dc79e76455e3242e9c12c47033f08e7},
document_type={Article},
source={Scopus},
}

@ARTICLE{Picton1988,
author={Picton, T. and Hunt, M. and Mowrey, R. and Rodriguez, R. and Maru, J.},
title={Evaluation of brain-stem auditory evoked potentials using dynamic time warping},
journal={Electroencephalography and Clinical Neurophysiology},
year={1988},
volume={71},
number={3},
pages={212-225},
note={cited By (since 1996)10},
url={http://www.scopus.com/inward/record.url?eid=2-s2.0-0023923153&partnerID=40&md5=619ac6040b2d78bdb40feb8233a98b63},
document_type={Article},
source={Scopus},
}

@ARTICLE{Wibral2011,
author={Wibral, M. and Rahm, B. and Rieder, M. and Lindner, M. and Vicente, R. and Kaiser, J.},
title={Transfer entropy in magnetoencephalographic data: Quantifying information flow in cortical and cerebellar networks},
journal={Progress in Biophysics and Molecular Biology},
year={2011},
volume={105},
number={1-2},
pages={80-97},
note={cited By (since 1996)26},
url={http://www.scopus.com/inward/record.url?eid=2-s2.0-79551689714&partnerID=40&md5=31bfe00660c19cb98378965b389b5a0c},
document_type={Article},
source={Scopus},
}

@ARTICLE{Schlogl2006,
author={Schogl, A. and Supp, G.},
title={Chapter 9 Analyzing event-related {EEG} data with multivariate autoregressive parameters},
journal={Progress in Brain Research},
year={2006},
volume={159},
pages={135-147},
note={cited By (since 1996)46},
url={http://www.scopus.com/inward/record.url?eid=2-s2.0-33750309593&partnerID=40&md5=246f4a63f3ce69aaa147fb5b9ae28fd9},
document_type={Review},
source={Scopus},
}

@ARTICLE{David2006,
author={David, O. and Kiebel, S.J. and Harrison, L.M. and Mattout, J. and Kilner, J.M. and Friston, K.J.},
title={Dynamic causal modeling of evoked responses in {EEG} and {MEG}},
journal={NeuroImage},
year={2006},
volume={30},
number={4},
pages={1255-1272},
note={cited By (since 1996)189},
url={http://www.scopus.com/inward/record.url?eid=2-s2.0-33646145937&partnerID=40&md5=a95f3771618e498d0a04edb534fbf535},
document_type={Article},
source={Scopus},
}

@ARTICLE{Lachaux1999,
author={Lachaux, J.-P. and Rodriguez, E. and Martinerie, J. and Varela, F.J.},
title={Measuring phase synchrony in brain signals},
journal={Human Brain Mapping},
year={1999},
volume={8},
number={4},
pages={194-208},
note={cited By (since 1996)852},
url={http://www.scopus.com/inward/record.url?eid=2-s2.0-0032757697&partnerID=40&md5=c404423056859241c3cb46401cafabb9},
document_type={Article},
source={Scopus},
}

@ARTICLE{Kanwisher2006,
author={Kanwisher, N. and Yovel, G.},
title={The fusiform face area: A cortical region specialized for the perception of faces},
journal={Philosophical Transactions of the Royal Society B: Biological Sciences},
year={2006},
volume={361},
number={1476},
pages={2109-2128},
note={cited By (since 1996)378},
url={http://www.scopus.com/inward/record.url?eid=2-s2.0-33845905537&partnerID=40&md5=7eefe10915ce39d016b12f048884f77e},
document_type={Review},
source={Scopus},
}

@article{Harville1977,
  title={Maximum likelihood approaches to variance component estimation and to related problems},
  author={Harville, David A},
  journal={Journal of the American Statistical Association},
  volume={72},
  number={358},
  pages={320--338},
  year={1977},
  publisher={Taylor \& Francis}
}

@ARTICLE{Pascual-Marqui1994,
author={Pascual-Marqui, R.D. and Michel, C.M. and Lehmann, D.},
title={Low resolution electromagnetic tomography: A new method for localizing electrical activity in the brain},
journal={International Journal of Psychophysiology},
year={1994},
volume={18},
number={1},
pages={49-65},
note={cited By (since 1996)1300},
url={http://www.scopus.com/inward/record.url?eid=2-s2.0-0027998259&partnerID=40&md5=e97677b75abc9f64e5f1be79b0d30c02},
document_type={Article},
source={Scopus},
}

@ARTICLE{Kriegeskorte2009,
author={Kriegeskorte, N. and Simmons, W.K. and Bellgowan, P.S. and Baker, C.I.},
title={Circular analysis in systems neuroscience: the dangers of double dipping.},
journal={Nature neuroscience},
year={2009},
volume={12},
number={5},
pages={535-540},
note={cited By (since 1996)589},
url={http://www.scopus.com/inward/record.url?eid=2-s2.0-67649135107&partnerID=40&md5=13ede4a562b1979b592032ca44c21dc9},
document_type={Review},
source={Scopus},
}

@ARTICLE{Bar2006,
author={Bar, M. and Kassam, K.S. and Ghuman, A.S. and Boshyan, J. and Schmidt, A.M. and Dale, A.M. and Hamalainen, M.S. and Marinkovic, K. and Schacter, D.L. and Rosen, B.R. and Halgren, E.},
title={Top-down facilitation of visual recognition},
journal={Proceedings of the National Academy of Sciences of the United States of America},
year={2006},
volume={103},
number={2},
pages={449-454},
note={cited By (since 1996)502},
url={http://www.scopus.com/inward/record.url?eid=2-s2.0-31044440796&partnerID=40&md5=91244221d89fd0827644fc4bc0ad3506},
document_type={Article},
source={Scopus},
}

@ARTICLE{Halgren2000,
author={Halgren, E. and Raij, T. and Marinkovic, K. and Jousmaki, V. and Hari, R.},
title={Cognitive response profile of the human fusiform face area as determined by {MEG}},
journal={Cerebral Cortex},
year={2000},
volume={10},
number={1},
pages={69-81},
note={cited By (since 1996)299},
url={http://www.scopus.com/inward/record.url?eid=2-s2.0-0033970350&partnerID=40&md5=661fd4a87f642382ccf76f57385ff8fd},
document_type={Article},
source={Scopus},
}

@ARTICLE{Rossion2011,
author={Rossion, B. and Caharel, S.},
title={{ERP} evidence for the speed of face categorization in the human brain: Disentangling the contribution of low-level visual cues from face perception},
journal={Vision Research},
year={2011},
volume={51},
number={12},
pages={1297-1311},
note={cited By (since 1996)47},
url={http://www.scopus.com/inward/record.url?eid=2-s2.0-80755144298&partnerID=40&md5=3fa1735978684c030c2cd14a7def56e4},
document_type={Article},
source={Scopus},
}


@ARTICLE{Fischl2012774,
author={Fischl, B.},
title={FreeSurfer},
journal={NeuroImage},
year={2012},
volume={62},
number={2},
pages={774-781},
note={cited By (since 1996)111},
url={http://www.scopus.com/inward/record.url?eid=2-s2.0-84862997809&partnerID=40&md5=e66efbf9d11f25243a457365693c54f1},
document_type={Review},
source={Scopus},
}

@ARTICLE{Oostenveld2011,
author={Oostenveld, R. and Fries, P. and Maris, E. and Schoffelen, J.-M.},
title={FieldTrip: Open source software for advanced analysis of {MEG}, {EEG}, and invasive electrophysiological data},
journal={Computational Intelligence and Neuroscience},
year={2011},
volume={2011},
art_number={156869},
note={cited By (since 1996)359},
url={http://www.scopus.com/inward/record.url?eid=2-s2.0-79551668253&partnerID=40&md5=82a1e7d43564a8be3996444103ff700e},
document_type={Article},
source={Scopus},
}












@article{Bastin2017,
author = {Bastin, Julien and Deman, Pierre and David, Olivier and Gueguen, Ma{\"{e}}lle and Benis, Damien and Minotti, Lorella and Hoffman, Dominique and Combrisson, Etienne and Kujala, Jan and Perrone-bertolotti, Marcela and Kahane, Philippe and Lachaux, Jean-philippe and Jerbi, Karim},
doi = {10.1093/cercor/bhv352},
file = {:home/dmalt/Dropbox/Documents/Education/MEG/karim{\_}refs{\_}psiicos/bhv352.pdf:pdf},
keywords = {anterior cingulate cortex,ecog,gamma,performance monitoring,saliency},
number = {February},
pages = {1545--1557},
title = {{Direct Recordings from Human Anterior Insula Reveal its Leading Role within the Error-Monitoring Network}},
year = {2017}
}
@article{Bastos2016,
author = {Bastos, Andr{\'{e}} M and Schoffelen, Jan-mathijs},
doi = {10.3389/fnsys.2015.00175},
file = {:home/dmalt/Dropbox/Documents/Education/MEG/karim{\_}refs{\_}psiicos/fnsys-09-00175.pdf:pdf},
keywords = {coherence analysis,electrophysiology,fc,functional connectivity,functional connectivity (FC), coherence analysis,,granger causality,oscillations,phase synchronization},
number = {January},
pages = {1--23},
title = {{A Tutorial Review of Functional Connectivity Analysis Methods and Their Interpretational Pitfalls}},
volume = {9},
year = {2016}
}
@article{Brookes2012,
author = {Brookes, M J and Woolrich, M W and Barnes, G R},
doi = {10.1016/j.neuroimage.2012.03.048},
file = {:home/dmalt/Dropbox/Documents/Education/MEG/karim{\_}refs{\_}psiicos/main (3).pdf:pdf},
issn = {1053-8119},
journal = {NeuroImage},
keywords = {Functional connectivity,MEG,Multivariate analysis,Neural oscillations},
number = {2},
pages = {910--920},
publisher = {Elsevier Inc.},
title = {{NeuroImage Measuring functional connectivity in MEG : A multivariate approach insensitive to linear source leakage}},
url = {http://dx.doi.org/10.1016/j.neuroimage.2012.03.048},
volume = {63},
year = {2012}
}
@article{Brookes2011,
author = {Brookes, Matthew J and Woolrich, Mark and Luckhoo, Henry and Price, Darren and Hale, Joanne R and Stephenson, Mary C and Barnes, Gareth R and Smith, Stephen M and Morris, Peter G},
doi = {10.1073/pnas.1112685108},
file = {:home/dmalt/Dropbox/Documents/Education/MEG/karim{\_}refs{\_}psiicos/PNAS-2011-Brookes-16783-8.pdf:pdf},
number = {16},
title = {{Investigating the electrophysiological basis of resting state networks using magnetoencephalography}},
year = {2011}
}
@article{Chella2016,
author = {Chella, Federico and Pizzella, Vittorio and Zappasodi, Filippo and Nolte, Guido and Marzetti, Laura},
doi = {10.1103/PhysRevE.93.052420},
file = {:home/dmalt/Dropbox/Documents/Education/MEG/karim{\_}refs{\_}psiicos/chella2016.pdf:pdf},
pages = {1--17},
title = {{Bispectral pairwise interacting source analysis for identifying systems of cross-frequency interacting brain sources from electroencephalographic or magnetoencephalographic signals}},
volume = {052420},
year = {2016}
}
@article{Colclough2015,
author = {Colclough, G L and Brookes, M J and Smith, S M and Woolrich, M W},
doi = {10.1016/j.neuroimage.2015.03.071},
file = {:home/dmalt/Dropbox/Documents/Education/MEG/karim{\_}refs{\_}psiicos/main (2).pdf:pdf},
issn = {1053-8119},
journal = {NeuroImage},
pages = {439--448},
publisher = {The Authors},
title = {{NeuroImage A symmetric multivariate leakage correction for MEG connectomes}},
url = {http://dx.doi.org/10.1016/j.neuroimage.2015.03.071},
volume = {117},
year = {2015}
}
@article{Colclough2016,
author = {Colclough, G L and Woolrich, M W and Tewarie, P K and Brookes, M J and Quinn, A J and Smith, S M},
doi = {10.1016/j.neuroimage.2016.05.070},
file = {:home/dmalt/Dropbox/Documents/Education/MEG/karim{\_}refs{\_}psiicos/main (1).pdf:pdf},
issn = {1053-8119},
journal = {NeuroImage},
keywords = {Connectome,Functional connectivity,MEG,Magnetic field spread,Network analysis,Source leakage},
pages = {284--293},
publisher = {The Authors},
title = {{NeuroImage How reliable are MEG resting-state connectivity metrics ?}},
url = {http://dx.doi.org/10.1016/j.neuroimage.2016.05.070},
volume = {138},
year = {2016}
}
@article{Gross2013,
author = {Gross, Joachim and Baillet, Sylvain and Barnes, Gareth R and Henson, Richard N and Hillebrand, Arjan and Jensen, Ole and Jerbi, Karim and Litvak, Vladimir and Maess, Burkhard and Oostenveld, Robert and Parkkonen, Lauri and Taylor, Jason R and Wassenhove, Virginie Van and Wibral, Michael and Schoffelen, Jan-mathijs},
doi = {10.1016/j.neuroimage.2012.10.001},
file = {:home/dmalt/Dropbox/Documents/Education/MEG/karim{\_}refs{\_}psiicos/main.pdf:pdf},
issn = {1053-8119},
journal = {NeuroImage},
keywords = {Acquisition,Analysis,Connectivity,Guidelines,MEG,Magnetoencephalography,Recommendations,Reproducible research,Source localization,Spectral analysis,magnetoencephalography},
pages = {349--363},
publisher = {Elsevier Inc.},
title = {{NeuroImage Good practice for conducting and reporting MEG research}},
url = {http://dx.doi.org/10.1016/j.neuroimage.2012.10.001},
volume = {65},
year = {2013}
}
@article{Hillebrand2012,
author = {Hillebrand, Arjan and Barnes, Gareth R and Bosboom, Johannes L and Berendse, Henk W and Stam, Cornelis J},
doi = {10.1016/j.neuroimage.2011.11.005},
file = {:home/dmalt/Dropbox/Documents/Education/MEG/karim{\_}refs{\_}psiicos/1-s2.0-S1053811911012845-main.pdf:pdf},
issn = {1053-8119},
journal = {NeuroImage},
keywords = {Beamforming,Functional connectivity,Graph analysis,Magnetoencephalography,Networks,Phase lag index,Resting-state,Source modelling},
number = {4},
pages = {3909--3921},
publisher = {Elsevier Inc.},
title = {{NeuroImage Frequency-dependent functional connectivity within resting-state networks : An atlas-based MEG beamformer solution}},
url = {http://dx.doi.org/10.1016/j.neuroimage.2011.11.005},
volume = {59},
year = {2012}
}
@article{Hipp2012,
abstract = {Little is known about the brain-wide correlation of electrophysiological signals. We found that spontaneous oscillatory neuronal activity exhibited frequency-specific spatial correlation structure in the human brain. We developed an analysis approach that discounts spurious correlation of signal power caused by the limited spatial resolution of electrophysiological measures. We applied this approach to source estimates of spontaneous neuronal activity reconstructed from magnetoencephalography. Overall, correlation of power across cortical regions was strongest in the alpha to beta frequency range (8–32 Hz) and correlation patterns depended on the underlying oscillation frequency. Global hubs resided in the medial temporal lobe in the theta frequency range (4–6 Hz), in lateral parietal areas in the alpha to beta frequency range (8–23 Hz) and in sensorimotor areas for higher frequencies (32–45 Hz). Our data suggest that interactions in various large-scale cortical networks may be reflected in frequency-specific power envelope correlations.},
archivePrefix = {arXiv},
arxivId = {NIHMS150003},
author = {Hipp, Joerg F and Hawellek, David J and Corbetta, Maurizio and Siegel, Markus and Engel, Andreas K},
doi = {10.1038/nn.3101},
eprint = {NIHMS150003},
file = {:home/dmalt/Dropbox/Documents/Education/MEG/Stroganova/CONNECTIVITY{\_}lit/Hipp2012{\_}Nature{\_}Large-scale cortical correlation structure of spontaneous oscillatory activity.pdf:pdf},
isbn = {1214546110},
issn = {1097-6256},
journal = {Nature Neuroscience},
number = {6},
pages = {884--890},
pmid = {22561454},
title = {{Large-scale cortical correlation structure of spontaneous oscillatory activity}},
volume = {15},
year = {2012}
}
@article{Jerbi2007,
author = {Jerbi, Karim and Lachaux, Jean-philippe and Diaye, Karim N and Pantazis, Dimitrios and Leahy, Richard M and Garnero, Line and Baillet, Sylvain},
file = {:home/dmalt/Dropbox/Documents/Education/MEG/karim{\_}refs{\_}psiicos/PNAS-2007-Jerbi-7676-81.pdf:pdf},
number = {18},
title = {{Coherent neural representation of hand speed in humans revealed by MEG imaging}},
volume = {104},
year = {2007}
}

@article{Marzetti2008,
author = {Marzetti, Laura and Del, Cosimo and Nolte, Guido},
doi = {10.1016/j.neuroimage.2008.04.250},
file = {:home/dmalt/Dropbox/Documents/Education/MEG/karim{\_}refs{\_}psiicos/1432573302198118.pdf:pdf},
keywords = {electroencephalography,magnetoencephalography,principal component analysis},
pages = {87--98},
title = {{NeuroImage Understanding brain connectivity from EEG data by identifying systems composed of interacting sources}},
volume = {42},
year = {2008}
}

@article{Schnitzler2005,
author = {Schnitzler, Alfons and Gross, Joachim},
doi = {10.1038/nrn1650},
file = {:home/dmalt/Dropbox/Documents/Education/MEG/karim{\_}refs{\_}psiicos/schnitzler2005.pdf:pdf},
number = {April},
title = {{NORMAL AND PATHOLOGICAL OSCILLATORY COMMUNICATION IN THE BRAIN}},
volume = {6},
year = {2005}
}
@article{Schoffelen2009,
author = {Schoffelen, Jan-mathijs and Gross, Joachim},
doi = {10.1002/hbm.20745},
file = {:home/dmalt/Dropbox/Documents/Education/MEG/karim{\_}refs{\_}psiicos/9ace9103304b749c4d36824a59e0491e736e.pdf:pdf},
keywords = {coherence,connectivity,eeg,electroencephalography,magnetoencephalography,meg,source localization,synchronization},
pages = {1857--1865},
title = {{Source Connectivity Analysis With MEG and EEG}},
volume = {1865},
year = {2009}
}
@article{Soto2016,
author = {Soto, Juan L P and Lachaux, Jean-philippe and Baillet, Sylvain and Jerbi, Karim},
doi = {10.1016/j.jneumeth.2016.07.017},
file = {:home/dmalt/Dropbox/Documents/Education/MEG/karim{\_}refs{\_}psiicos/1-s2.0-S0165027016301789-main.pdf:pdf},
issn = {0165-0270},
journal = {Journal of Neuroscience Methods},
keywords = {canonical correlation analysis,magnetoencephalography,meg,multivariate analysis},
pages = {169--181},
publisher = {Elsevier B.V.},
title = {{A multivariate method for estimating cross-frequency neuronal interactions and correcting linear mixing in MEG data , using canonical correlations}},
url = {http://dx.doi.org/10.1016/j.jneumeth.2016.07.017},
volume = {271},
year = {2016}
}
@article{PLI,
author = {Stam, C J and Nolte, G and Daffertshofer, A},
file = {:home/dmalt/Dropbox/Documents/Education/MEG/karim{\_}refs{\_}psiicos/PLI.pdf:pdf},
journal = {Hum Brain Mapp.},
number = {11},
pages = {1178--1193},
title = {{Phase lag index: assessment of functional connectivity from multi channel EEG and MEG with diminished bias from common sources}},
url = {http://www.ncbi.nlm.nih.gov/pubmed/17266107},
volume = {28},
year = {2007}
}
@article{wPLI,
author = {Vinck, M and Oostenveld, R and van Wingerden, M and Battaglia, F and Pennartz, C M},
file = {:home/dmalt/Dropbox/Documents/Education/MEG/Stroganova/CONNECTIVITY{\_}lit/Vinck2011An improved index of phase-synchronization for electrophysiological data in the presence of volume-conduction, noise and sample-size bias.pdf:pdf},
journal = {Neuroimage},
number = {4},
pages = {1548--1565},
title = {{An improved index of phase-synchronization for electrophysiological data in the presence of volume-conduction, noise and sample-size bias}},
url = {http://www.ncbi.nlm.nih.gov/pubmed/21276857},
volume = {55},
year = {2011}
}

@article{Rodriguez2012,
author = {Rodriguez, Eugenio and Jerbi, Karim and Inserm, U and Dynamics, Brain and Bernard, Universit{\'{e}} Claude and Inserm, U and Dynamics, Brain and Bernard, Universit{\'{e}} Claude and Martinerie, Jacques and Nelson, Sacha B},
doi = {10.1038/nrn2912.Ten},
file = {:home/dmalt/Dropbox/Documents/Education/MEG/karim{\_}refs{\_}psiicos/nihms-390979.pdf:pdf},
number = {10},
pages = {718--726},
title = {{Ten years of Nature Reviews Neuroscience: insights from the highly cited}},
volume = {11},
year = {2012}
}

@article{imcoh,
author = {Nolte, G and Bai, O and Wheaton, L and Mari, Z and Vorbach, S and Hallett, M},
journal = {Clinical Neurophysiology},
number = {10},
pages = {2292--2307},
title = {{Identifying true brain interaction from EEG data using the imaginary part of coherency}},
url = {http://www.ncbi.nlm.nih.gov/pubmed/15351371},
volume = {115},
year = {2004}
}

@article{env_corr,
author = {O'Neill, George C and Barratt, Eleanor L and {Benjamin A E Hunt}, Prejaas K Tewarie and Matthew J Brookes},
doi = {10.1088/0031-9155/60/21/R271},
file = {:home/dmalt/Dropbox/Documents/Education/MEG/karim{\_}refs{\_}psiicos/O'Neill{\_}2015{\_}Phys.{\_}Med.{\_}Biol.{\_}60{\_}R271.pdf:pdf},
publisher = {IOP Publishing},
title = {{Measuring electrophysiological connectivity by power envelope correlation : a technical review on MEG methods}}
}

@article{Chella2015,
author = {Chella, F. and Marzetti, L. and Pizzella, V. and Zappasodi, F. and Nolte, and G.},
doi = {10.1016/j.neuroimage.2013.12.064.Third},
file = {:home/dmalt/Dropbox/Documents/Education/MEG/karim{\_}refs{\_}psiicos/nihms615248.pdf:pdf},
pages = {146--161},
title = {{Third order spectral analysis robust to mixing artifacts for mapping cross-frequency interactions in EEG/MEG}},
year = {2015}
}

@article{Wibral2011,
annote = {cited By (since 1996)26},
author = {Wibral, M and Rahm, B and Rieder, M and Lindner, M and Vicente, R and Kaiser, J},
file = {:home/dmalt/Dropbox/Documents/Education/MEG/karim{\_}refs{\_}psiicos/wibral.pdf:pdf},
journal = {Progress in Biophysics and Molecular Biology},
number = {1-2},
pages = {80--97},
title = {{Transfer entropy in magnetoencephalographic data: Quantifying information flow in cortical and cerebellar networks}},
url = {http://www.scopus.com/inward/record.url?eid=2-s2.0-79551689714{\&}partnerID=40{\&}md5=31bfe00660c19cb98378965b389b5a0c},
volume = {105},
year = {2011}
}

@article{Ioannides2000,
author = {Ioannides, A A and Liu, L C and Kwapien, J and Drozdz, S and Streit, M},
file = {:home/dmalt/Dropbox/Documents/Education/MEG/karim{\_}refs{\_}psiicos/mutual{\_}info.pdf:pdf},
keywords = {face recognition,facial emotion recognition,magnetic field tomography,magnetoencephalog-,meg,mft,mi,mutual information,raphy,single trial analysis,time-dependent connectivity,visual object recognition},
pages = {77--92},
title = {{Coupling of Regional Activations in a Human Brain During an Object and Face Affect Recognition Task}},
volume = {92},
year = {2000}
}

@article{Fries2015,
author = {Fries, Pascal},
doi = {10.1016/j.neuron.2015.09.034.Rhythms},
file = {:home/dmalt/Dropbox/Documents/Education/MEG/karim{\_}refs{\_}psiicos/Fries2015b.pdf:pdf},
number = {1},
title = {{Rhythms for Cognition : Communication through Coherence}},
volume = {88},
year = {2015}
}

@article{Lin2006,
abstract = {Distributed source models of magnetoencephalographic (MEG) and electroencephalographic (EEG) data employ dense distributions of current sources in a volume or on a surface. Previously, anatomical magnetic resonance imaging (MRI) data have been used to constrain locations and orientations based on cortical geometry extracted from anatomical MRI data. We extended this approach by first calculating cortical patch statistics (CPS), which for each patch corresponding to a current source location on the cortex comprise the area of the patch, the average normal direction, and the average deviation of the surface normal from its average. The patch areas were then incorporated in the forward model to yield estimates of the surface current density instead of dipole amplitudes at the current locations. The surface normal data were employed in a loose orientation constraint (LOC), which allows some variation of the current direction from the average normal. We employed this approach both in the l(2) minimum-norm estimates (MNE) and in the more focal l(1) minimum-norm solutions, the minimum-current estimate (MCE). Simulations in auditory and somatosensory areas with current dipoles and 10- or 20-mm diameter cortical patches as test sources showed that applying the LOC can increase localization accuracy. We also applied the method to in vivo auditory and somatosensory data.},
author = {Lin, Fa Hsuan and Belliveau, John W. and Dale, Anders M. and Hamalainen, Matti S.},
doi = {10.1002/hbm.20155},
file = {:home/dmalt/Dropbox/Documents/Education/MEG/mine/lin2006.pdf:pdf},
isbn = {1065-9471 (Print)},
issn = {10659471},
journal = {Human Brain Mapping},
keywords = {Brain,Cortical constraints,Inverse,MCE,MEG,MNE,Minimum norm},
number = {1},
pages = {1--13},
pmid = {16082624},
title = {{Distributed current estimates using cortical orientation constraints}},
volume = {27},
year = {2006}
}

@article{Wens2015,
author = {Wens, Vincent and Marty, Brice and Mary, Alison and Bourguignon, Mathieu and Beeck, Marc Op De and Goldman, Serge and Bogaert, Patrick Van and Peigneux, Philippe and Tie, Xavier De},
doi = {10.1002/hbm.22943},
file = {:home/dmalt/Dropbox/Documents/Education/MEG/Osadchii/geom{\_}method.pdf:pdf},
keywords = {dynamic imaging of coherent,functional connectivity,ing-state networks,inverse problem,magnetoencephalography,rest-,sources,spatial leakage},
number = {August},
pages = {4604--4621},
title = {{A Geometric Correction Scheme for Spatial Leakage Effects in MEG/EEG Seed-Based Functional Connectivity Mapping}},
volume = {4621},
year = {2015}
}

@article{Mosher1999,
author = {Mosher, John C and Leahy, Richard M and Lewis, Paul S},
file = {:home/dmalt/Dropbox/Documents/Education/MEG/Osadchii/forward{\_}solutions{\_}for{\_}inverse{\_}methods.pdf:pdf},
number = {3},
pages = {245--259},
title = {{EEG and MEG : Forward Solutions for Inverse Methods}},
volume = {46},
year = {1999}
}
% Real, β sign 
% inputenc don't know β sign %aluminosilicate-β-quartz
% Знаки типа β, которые не знает таблица кодировки, с которой работает компилятор нужно заменять на latex команды
% doi должен быть без http://dx.doi.org/
@article{Shoji199895,
title = "Low-temperature anodic bonding using lithium aluminosilicate-$\beta$-quartz glass ceramic",
journal = "Sensors and Actuators A: Physical",
volume = "64",
number = "1",
pages = "95 - 100",
year = "1998",
note = "Tenth \{IEEE\} International Workshop on Micro Electro Mechanical Systems ",
issn = "0924-4247",
doi = "10.1016/S0924-4247(97)01659-2",
author = {{\relax S}huichi Shoji and {\relax H}iroto Kikuchi and {\relax H}irotaka Torigoe},
keywords = "Anodic bonding",
keywords = "Low-temperature bonding",
keywords = "Micro assembly",
keywords = "Micro package",
keywords = "Glass ceramic",
}


% from urlbst package
% Example from Jason Eisner, by mail (nothing special about the entry,
% but he seemed to be having formatting problems with unsrturl and proceedings
% entries.
% http://cs.jhu.edu/~jason/papers/#icassp07
@InProceedings{test:eisner-sample,
  author =       {Damianos Karakos and Sanjeev Khudanpur and Jason
                  Eisner and Carey~E. Priebe},
  title =        {Iterative denoising using {J}ensen-{R}enyi
                  divergences with an application to unsupervised
                  document categorization},
  booktitle =    {Proceedings of ICASSP},
  year =         2007,
  url =          {http://cs.jhu.edu/~jason/papers/\#icassp07}
}

% Попытка записать патент имеющимися средствами
@Book{iofis_patent1960,
  title                    = {Способ пайки керамики с~керамикой и~стекла с~металлом: а.\,с.~126728 СССР},
  author                   = {Иофис, Н. А.},
  year                     = {1960},
  numpages                 = {Бюл. № 5.~1},
  language                 = {russian}
}

% Попытка записать патент имеющимися средствами
@Book{AB_patent_Pomerantz_1968,
  title                    = {Anodic bonding: patent no. 3397278 US},
  author                   = {Pomerantz, D. I.},
  year                     = {1968},
  language                 = {english}
}

